
@incollection{Franssila,
  doi = {10.1007/978-3-030-22507-0_3},
  url = {https://doi.org/10.1007/978-3-030-22507-0_3},
  year = {2019},
  publisher = {Springer International Publishing},
  pages = {29--38},
  author = {Helj\"{a} Franssila},
  title = {Work Fragmentation,  Task Management Practices and Productivity in Individual Knowledge Work},
  booktitle = {Engineering Psychology and Cognitive Ergonomics}
}